@misc{BVAaudit,
  author = {Office of Inspector General},
  title = {Decision Ready Claims Program Hindered by Ineffective Planning},
  year = {2019},
  journal = {#18-05130-105},
  howpublished = {\url{https://www.va.gov/oig/pubs/VAOIG-18-05130-105.pdf}},
}

@misc{LLTdata,
  author = {Vern R Walker},
  title = {VetClaims-JSON},
  year = {2019},
  publisher = {GitHub},
  journal = {GitHub repository},
  howpublished = {\url{https://github.com/vernrwalker/VetClaims-JSON}},
  commit = {64f0d2dac69662d0fcc075b569afce287491822e}
}

@inproceedings{Walker2019AutomaticCO,
  title={Automatic Classification of Rhetorical Roles for Sentences: Comparing Rule-Based Scripts with Machine Learning},
  author={Vern R. Walker and Krishnan Pillaipakkamnatt and Alexandra M. Davidson and Marysa Linares and Domenick J. Pesce},
  booktitle={ASAIL@ICAIL},
  year={2019}
}

@inproceedings{Walker2017Semantic,
  title={Semantic Types for Decomposing Evidence Assessment in Decisions on Veterans’ Disability Claims for PTSD},
  author={Vern R. Walker and Nneka Okpara and Ashtyn Hemendinger and Tauseff Ahmed},
  booktitle={ASAIL},
  year=2017
}


@book{christopherdmanning2008introduction,
  added-at = {2011-11-24T01:10:17.000+0100},
  author = {Christopher D. Manning, Prabhakar Raghavan，Hinrich Schütze},
  timestamp = {2011-11-24T01:10:17.000+0100},
	publisher = {Cambridge University Press},
  title = {Introduction to Information Retrieval},
  year = 2008
}


@article{scikit-learn,
 title={Scikit-learn: Machine Learning in {P}ython},
 author={Pedregosa, F. and Varoquaux, G. and Gramfort, A. and Michel, V.
         and Thirion, B. and Grisel, O. and Blondel, M. and Prettenhofer, P.
         and Weiss, R. and Dubourg, V. and Vanderplas, J. and Passos, A. and
         Cournapeau, D. and Brucher, M. and Perrot, M. and Duchesnay, E.},
 journal={Journal of Machine Learning Research},
 volume={12},
 pages={2825--2830},
 year={2011}
}

@misc{word2vec,
Author = {Tomas Mikolov and Kai Chen and Greg Corrado and Jeffrey Dean},
Title = {Efficient Estimation of Word Representations in Vector Space},
Year = {2013},
Eprint = {arXiv:1301.3781},
}

@misc{tensorflow2015-whitepaper,
title={ {TensorFlow}: Large-Scale Machine Learning on Heterogeneous Systems},
url={https://www.tensorflow.org/},
note={Software available from tensorflow.org},
author={
    Mart\'{\i}n~Abadi and
    Ashish~Agarwal and
    Paul~Barham and
    Eugene~Brevdo and
    Zhifeng~Chen and
    Craig~Citro and
    Greg~S.~Corrado and
    Andy~Davis and
    Jeffrey~Dean and
    Matthieu~Devin and
    Sanjay~Ghemawat and
    Ian~Goodfellow and
    Andrew~Harp and
    Geoffrey~Irving and
    Michael~Isard and
    Yangqing Jia and
    Rafal~Jozefowicz and
    Lukasz~Kaiser and
    Manjunath~Kudlur and
    Josh~Levenberg and
    Dandelion~Man\'{e} and
    Rajat~Monga and
    Sherry~Moore and
    Derek~Murray and
    Chris~Olah and
    Mike~Schuster and
    Jonathon~Shlens and
    Benoit~Steiner and
    Ilya~Sutskever and
    Kunal~Talwar and
    Paul~Tucker and
    Vincent~Vanhoucke and
    Vijay~Vasudevan and
    Fernanda~Vi\'{e}gas and
    Oriol~Vinyals and
    Pete~Warden and
    Martin~Wattenberg and
    Martin~Wicke and
    Yuan~Yu and
    Xiaoqiang~Zheng},
  year={2015},
}